%% This BibTeX bibliography file was created using BibDesk.
%% https://bibdesk.sourceforge.io/

%% Created for Keith Doelling at 2018-08-03 17:48:49 -0400
@article{Brehm:1962,
  title={Explorations in cognitive dissonance.},
  author={Brehm, Jack W and Cohen, Arthur R},
  year={1962},
  publisher={John Wiley \& Sons Inc}
}

@webpage{CogDevUCB,
	Author = {Steve McConnell},
	Date-Added = {2018-09-07 13:26:14 -0400},
	Date-Modified = {2018-09-07 13:28:30 -0400},
	Month = {September},
	Title = {Cognition and Development},
	Url = {https://gse.berkeley.edu/cognition-development},
	Urldate = {https://gse.berkeley.edu/cognition-development},
	Year = {2018}}
